@misc{whitespace,
    title        = {Whitespace},
    howpublished = {\url{https://esolangs.org/wiki/Whitespace}},
    note         = {Accessed: 09 March 2024},
    key      = {1},
}

@misc{brainfuck,
    title        = {Brainfuck},
    howpublished = {\url{https://en.wikipedia.org/wiki/Brainfuck}},
    note         = {Accessed: 09 March 2024},
    key      = {2},
}

@misc{bash,
    title        = {Bash},
    howpublished = {\url{https://www.gnu.org/software/bash/manual/bash.html}},
    note         = {Accessed: 09 March 2024},
    key      = {3},
}

@misc{bash-unix,
    title        = {Bash (Unix shell)},
    howpublished = {\url{https://en.wikipedia.org/wiki/Bash_(Unix_shell)}},
    note         = {Accessed: 09 March 2024},
    key      = {4},
}

@misc{programming-languages,
    title        = {Programming Languages: Types and Features},
    howpublished = {\url{https://www.chakray.com/programming-languages-types-and-features}},
    note         = {Accessed: 09 March 2024},
    key      = {5},
}

@misc{alf,
    title        = {ALF},
    howpublished = {\url{https://www.informatik.uni-kiel.de/~mh/systems/ALF.html}},
    note         = {Accessed: 09 March 2024},
    key      = {6},
}

@misc{visuallogic,
    title        = {Visual Logic},
    howpublished = {\url{https://www.visuallogic.org/}},
    note         = {Accessed: 09 March 2024},
    key      = {7},
}

@misc{flowchart,
    title        = {Flowchart},
    howpublished = {\url{https://en.wikipedia.org/wiki/Flowchart}},
    note         = {Accessed: 09 March 2024},
    key      = {8},
}

@misc{drmemory,
    title        = {Dr. Memory},
    howpublished = {\url{https://en.wikipedia.org/wiki/Dr._Memory}},
    note         = {Accessed: 09 March 2024},
    key      = {9},
}

@misc{chromium-drmemory,
    title        = {Using Dr. Memory with Chromium},
    howpublished = {\url{https://www.chromium.org/developers/how-tos/using-drmemory}},
    note         = {Accessed: 09 March 2024},
    key      = {10},
}
